@article{Joshi2022,
  title={Weakly-Supervised Semantic Segmentation of Ships Using Thermal Imagery},
  author={Joshi, Rushil and Adams, Ethan and Ziemann, Matthew and Metzler, Christopher A},
  journal={arXiv preprint arXiv:2212.13170},
  year={2022}
}