@Article{Murphy2010,
  author  = {Murphy, Richard C and Wheeler, Kyle B and Barrett, Brian W and Ang, James A},
  journal = {Cray Users Group (CUG)},
  title   = {Introducing the graph 500},
  year    = {2010},
  pages   = {45--74},
  volume  = {19},
  groups  = {HIVE},
  url     = {http://www.richardmurphy.net/archive/cug-may2010.pdf},
}

@Article{Aananthakrishnan2020,
  author  = {Aananthakrishnan, Sriram and Ahmed, Nesreen K and Cave, Vincent and Cintra, Marcelo and Demir, Yigit and Bois, Kristof Du and Eyerman, Stijn and Fryman, Joshua B and Ganev, Ivan and Heirman, Wim and others},
  journal = {arXiv preprint arXiv:2010.06277},
  title   = {PIUMA: programmable integrated unified memory architecture},
  year    = {2020},
  groups  = {HIVE},
  url     = {https://arxiv.org/pdf/2010.06277},
}
